@misc{qian2021probabilistic,
    title={A Probabilistic Approach to Neural Network Pruning}, 
    author={Xin Qian and Diego Klabjan},
    year={2021},
    eprint={2105.10065},
    archivePrefix={arXiv},
    primaryClass={cs.LG}
}

@MISC{Rudelson10non-asymptotictheory,
    author = {Mark Rudelson and Roman Vershynin},
    title = { Non-asymptotic theory of random matrices: extreme singular values},
    year = {2010}
}

@article{10.2307/4097777,
 ISSN = {00029939, 10886826},
 URL = {http://www.jstor.org/stable/4097777},
  author = {Rafal Latala},
 journal = {Proceedings of the American Mathematical Society},
 number = {5},
 pages = {1273--1282},
 publisher = {American Mathematical Society},
 title = {Some Estimates of Norms of Random Matrices},
 volume = {133},
 year = {2005}
}

@misc{bai2020linearization,
    title={Beyond Linearization: On Quadratic and Higher-Order Approximation of Wide Neural Networks}, 
    author={Yu Bai and Jason D. Lee},
    year={2020},
    eprint={1910.01619},
    archivePrefix={arXiv},
    primaryClass={cs.LG}
}

@article{jacot_gabriel_hongler_2021, 
	title={Neural tangent kernel: convergence and generalization in neural networks}, 
	DOI={10.1145/3406325.3465355}, 
	journal={Proceedings of the 53rd Annual ACM SIGACT Symposium on Theory of Computing}, 
	author={Jacot, Arthur and Gabriel, Franck and Hongler, Cl\'{e}ment}, 
	year={2021}
}


@inbook{doi:https://doi.org/10.1002/0471667196.ess6023,
author = {David, H. A. and Nagaraja, H. N.},
publisher = {American Cancer Society},
isbn = {9780471667193},
title = {Order Statistics},
booktitle = {Encyclopedia of Statistical Sciences},
chapter = {},
pages = {},
doi = {https://doi.org/10.1002/0471667196.ess6023},
year = {2004},
keywords = {distribution of order statistics, linear functions of order statistics, extreme-value theory, applications of order statistics},
}

@book{metric_spaces,
   title =     {Metric Spaces},
   author =    {Micheal O Searcoid},
   publisher = {Springer},
   isbn =      {1846283698; 9781846283697},
   year =      {2006},
   series =    {Springer Undergraduate Mathematics Series},
   edition =   {1},
  
}

@inproceedings{Lipschitz,
author = {Scaman, Kevin and Virmaux, Aladin},
title = {Lipschitz Regularity of Deep Neural Networks: Analysis and Efficient Estimation},
year = {2018},
publisher = {Curran Associates Inc.},
booktitle = {Proceedings of the 32nd International Conference on Neural Information Processing Systems},
pages = {3839 - 3848},
numpages = {10},
location = {Montr\'{e}al, Canada},
series = {NIPS'18}
}

  